<record><leader>00000cas a22000007a 4500</leader><controlfield tag="001">10138949</controlfield><controlfield tag="008">831117d18511966njuwr ne      0    0eng d</controlfield><datafield ind1=" " ind2=" " tag="010"><subfield code="a">sn 83032077 </subfield></datafield><datafield ind1=" " ind2=" " tag="040"><subfield code="a">NPU</subfield><subfield code="b">eng</subfield><subfield code="c">NPU</subfield><subfield code="d">DLC</subfield><subfield code="d">NPX</subfield><subfield code="d">NPA</subfield><subfield code="d">NJW</subfield><subfield code="d">CNW</subfield><subfield code="d">OCL</subfield><subfield code="d">OCLCQ</subfield><subfield code="d">OCLCF</subfield><subfield code="d">OCLCO</subfield></datafield><datafield ind1=" " ind2=" " tag="042"><subfield code="a">msc</subfield></datafield><datafield ind1=" " ind2=" " tag="043"><subfield code="a">n-us-nj</subfield></datafield><datafield ind1="0" ind2="0" tag="245"><subfield code="a">Bordentown register.</subfield></datafield><datafield ind1=" " ind2=" " tag="260"><subfield code="a">Bordentown, N.J. :</subfield><subfield code="b">Thomas C. Borden,</subfield><subfield code="c">-1966.</subfield></datafield><datafield ind1=" " ind2=" " tag="300"><subfield code="a">v. :</subfield><subfield code="b">ill.</subfield></datafield><datafield ind1=" " ind2=" " tag="310"><subfield code="a">Weekly</subfield></datafield><datafield ind1="1" ind2=" " tag="362"><subfield code="a">Began with July 4, 1851 issue.</subfield><subfield code="z">Cf. Woodward &amp; Hageman. Hist. of Burlington and Mercer Counties, N.J., 1883.</subfield></datafield><datafield ind1="0" ind2=" " tag="362"><subfield code="a">-v. 122, no. 8 (May 19, 1966).</subfield></datafield><datafield ind1=" " ind2=" " tag="500"><subfield code="a">Publishers: Borden &amp; Taggart, 1851; Thomas C. Borden, &lt;1852&gt;; Piester &amp; Bush, &lt;1853&gt;-1854; William H. Van Nortwick, William Bush, 1854-1856; Peter L. Suydam, 1856-1861; Suydam &amp; Flynn, 1861-1868; James D. Flynn, 1868-&lt;1883&gt;; James D. Magee, 1940-1960; Magee Pub. Co., 1960-1966.</subfield></datafield><datafield ind1=" " ind2=" " tag="500"><subfield code="a">Editors: George L. Suydam, 1861-1868; James D. Flynn, &lt;1866-1876&gt;.</subfield></datafield><datafield ind1=" " ind2=" " tag="530"><subfield code="a">Also issued on microfilm as part of the Civil War newspapers collection.</subfield></datafield><datafield ind1=" " ind2=" " tag="588"><subfield code="a">Description based on: Vol. 1, no. 28 (Jan. 9, 1852).</subfield></datafield><datafield ind1=" " ind2="0" tag="651"><subfield code="a">Bordentown (N.J.)</subfield><subfield code="v">Newspapers.</subfield></datafield><datafield ind1=" " ind2="7" tag="655"><subfield code="a">Newspapers.</subfield><subfield code="2">fast</subfield><subfield code="0">(OCoLC)fst01423814</subfield></datafield><datafield ind1=" " ind2="7" tag="651"><subfield code="a">New Jersey</subfield><subfield code="z">Bordentown.</subfield><subfield code="2">fast</subfield><subfield code="0">(OCoLC)fst01202841</subfield></datafield><datafield ind1=" " ind2=" " tag="752"><subfield code="a">United States</subfield><subfield code="b">New Jersey</subfield><subfield code="c">Burlington</subfield><subfield code="d">Bordentown.</subfield></datafield><datafield ind1="0" ind2="0" tag="780"><subfield code="t">Bordentown palladium</subfield><subfield code="w">(DLC)sn 85035845</subfield><subfield code="w">(OCoLC)13039623</subfield></datafield><datafield ind1="0" ind2="7" tag="785"><subfield code="t">Florence Township news</subfield><subfield code="w">(DLC)sn 85035844</subfield><subfield code="w">(OCoLC)12533198</subfield></datafield><datafield ind1="0" ind2="7" tag="785"><subfield code="t">Register-news (Bordentown, N.J.)</subfield><subfield code="w">(DLC)sn 85035840</subfield><subfield code="w">(OCoLC)12533214</subfield></datafield></record>